<?xml version="1.0" encoding="UTF-8"?><collection xmlns="http://www.loc.gov/MARC21/slim"><record><leader>00465nam--2200145-i-4500</leader><controlfield tag="001">000008493</controlfield><controlfield tag="002">20161230</controlfield><controlfield tag="005">20170209164710</controlfield><controlfield tag="008">060222s1000------------r-----000-0-eng-d</controlfield><datafield ind1=" " ind2=" " tag="100"><subfield code="a">Bornand, Bernard</subfield></datafield><datafield ind1=" " ind2=" " tag="245"><subfield code="a">Methodes de fabrication de detecteurs au germa nium et au silicium compenses par migration d ions de lithium</subfield></datafield><datafield ind1=" " ind2=" " tag="260"><subfield code="a">Saclay</subfield><subfield code="b">Service Central De Documentation Du Ce A</subfield><subfield code="c">1968</subfield></datafield><datafield ind1=" " ind2=" " tag="300"><subfield code="a">74 p</subfield></datafield><datafield ind1=" " ind2=" " tag="852"><subfield code="a">539.1.074.5</subfield></datafield><datafield ind1=" " ind2=" " tag="CAT"><subfield code="a">SYS</subfield><subfield code="c">20170209</subfield><subfield code="h">164710</subfield></datafield></record></collection>